<record><leader>00000cas a2200000 a 4500</leader><controlfield tag="001">13137500</controlfield><controlfield tag="008">860211d18301861gauwr ne      0    0eng c</controlfield><datafield ind1=" " ind2=" " tag="010"><subfield code="a">sn 86053071 </subfield></datafield><datafield ind1=" " ind2=" " tag="040"><subfield code="a">NPX</subfield><subfield code="b">eng</subfield><subfield code="c">NPX</subfield><subfield code="d">DLC</subfield><subfield code="d">NYS</subfield><subfield code="d">NLG</subfield><subfield code="d">CNW</subfield><subfield code="d">CNK</subfield><subfield code="d">NVF</subfield><subfield code="d">FUG</subfield><subfield code="d">NVK</subfield><subfield code="d">NVF</subfield><subfield code="d">DLC</subfield><subfield code="d">OCL</subfield><subfield code="d">GUA</subfield><subfield code="d">DLC</subfield><subfield code="d">OCLCQ</subfield><subfield code="d">OCLCF</subfield></datafield><datafield ind1="1" ind2=" " tag="029"><subfield code="a">AU@</subfield><subfield code="b">000004560152</subfield></datafield><datafield ind1=" " ind2=" " tag="042"><subfield code="a">pcc</subfield></datafield><datafield ind1=" " ind2=" " tag="043"><subfield code="a">n-us-ga</subfield></datafield><datafield ind1="0" ind2="0" tag="050"><subfield code="a">Newspaper</subfield></datafield><datafield ind1="0" ind2=" " tag="130"><subfield code="a">Federal union (Milledgeville, Ga. : 1830)</subfield></datafield><datafield ind1="1" ind2="4" tag="245"><subfield code="a">The federal union.</subfield></datafield><datafield ind1=" " ind2=" " tag="260"><subfield code="a">Milledgeville, Ga. :</subfield><subfield code="b">John G. Polhill,</subfield><subfield code="c">1830-1861.</subfield></datafield><datafield ind1=" " ind2=" " tag="300"><subfield code="a">v.</subfield></datafield><datafield ind1=" " ind2=" " tag="310"><subfield code="a">Weekly</subfield></datafield><datafield ind1="0" ind2=" " tag="362"><subfield code="a">Vol. 1, no. 1 (July 10, 1830)-v. 31, no. 35 (Jan. 22, 1861).</subfield></datafield><datafield ind1=" " ind2=" " tag="500"><subfield code="a">Publisher varies: J.G. Polhill &amp; J.A. Cuthbert, -Dec. 25, 1832; J.A. Cuthbert &amp; Wilkins Hunt, Jan. 1, 1833-Apr. 21, 1835; John A. Cuthbert, Apr. 28, 1835-Apr. 11, 1837; John G. Park &amp; William S. Rodgers, Apr. 18, 1837-Aug. 5, 1845; D.C. Campbell &amp; Thos. M. Griffin, Aug. 19, 1845-June 6, 1846; Campbell &amp; Armstrong, June 16, 1846-July 27, 1847; D.C. Campbell, Aug. 3, 1847- Aug. 5, 1851; S.N. Boughton, Jos. H. Nisbet &amp; Barnes, Aug. 21, 1851-</subfield></datafield><datafield ind1=" " ind2=" " tag="515"><subfield code="a">Issues for July 21, 1831-May 23, 1837 called also whole no. 54-360.</subfield></datafield><datafield ind1=" " ind2=" " tag="530"><subfield code="a">Also on microfilm: Athens, Ga. : University of Georgia Libraries.</subfield></datafield><datafield ind1=" " ind2="0" tag="651"><subfield code="a">Milledgeville (Ga.)</subfield><subfield code="v">Newspapers.</subfield></datafield><datafield ind1=" " ind2="0" tag="651"><subfield code="a">Baldwin County (Ga.)</subfield><subfield code="v">Newspapers.</subfield></datafield><datafield ind1=" " ind2="7" tag="655"><subfield code="a">Newspapers.</subfield><subfield code="2">fast</subfield><subfield code="0">(OCoLC)fst01423814</subfield></datafield><datafield ind1=" " ind2="7" tag="651"><subfield code="a">Georgia</subfield><subfield code="z">Baldwin County.</subfield><subfield code="2">fast</subfield><subfield code="0">(OCoLC)fst01212301</subfield></datafield><datafield ind1=" " ind2="7" tag="651"><subfield code="a">Georgia</subfield><subfield code="z">Milledgeville.</subfield><subfield code="2">fast</subfield><subfield code="0">(OCoLC)fst01226246</subfield></datafield><datafield ind1=" " ind2=" " tag="752"><subfield code="a">United States</subfield><subfield code="b">Georgia</subfield><subfield code="c">Baldwin</subfield><subfield code="d">Milledgeville.</subfield></datafield><datafield ind1="0" ind2="0" tag="780"><subfield code="t">Statesman &amp; patriot</subfield><subfield code="w">(DLC)sn 82015110</subfield><subfield code="w">(OCoLC)8804771</subfield></datafield><datafield ind1="0" ind2="0" tag="785"><subfield code="t">Southern federal union</subfield><subfield code="w">(DLC)sn 87062317</subfield><subfield code="w">(OCoLC)16419014</subfield></datafield></record>